@BOOK {digdes,
    author    = "Sarah L. Harris and David Harris",
    title     = "Digital Design and Computer Architecture RISC-V Edition",
    publisher = "Morgan Kaufmann",
    year      = "2022"
}
